<record><leader>00000cas a2200000 i 4500</leader><controlfield tag="001">904339595</controlfield><controlfield tag="006">m     o  d        </controlfield><controlfield tag="007">cr |||||||||||</controlfield><controlfield tag="008">150304d18921980ksudr neo     0   a0eng  </controlfield><datafield ind1=" " ind2=" " tag="010"><subfield code="a">  2015218567</subfield></datafield><datafield ind1=" " ind2=" " tag="040"><subfield code="a">DLC</subfield><subfield code="b">eng</subfield><subfield code="e">rda</subfield><subfield code="c">DLC</subfield></datafield><datafield ind1="0" ind2=" " tag="022"><subfield code="a">2377-7125</subfield><subfield code="2">1</subfield></datafield><datafield ind1="1" ind2=" " tag="029"><subfield code="a">NZ1</subfield><subfield code="b">16034745</subfield></datafield><datafield ind1=" " ind2=" " tag="042"><subfield code="a">pcc</subfield><subfield code="a">nsdp</subfield></datafield><datafield ind1=" " ind2=" " tag="043"><subfield code="a">n-us-ks</subfield></datafield><datafield ind1="1" ind2="0" tag="050"><subfield code="a">ISSN RECORD</subfield></datafield><datafield ind1="0" ind2="0" tag="082"><subfield code="a">071</subfield><subfield code="2">23</subfield></datafield><datafield ind1=" " ind2="4" tag="222"><subfield code="a">The Topeka state journal</subfield><subfield code="b">(Online)</subfield></datafield><datafield ind1="0" ind2="4" tag="245"><subfield code="a">The Topeka state journal.</subfield></datafield><datafield ind1="3" ind2=" " tag="246"><subfield code="a">Topeka Sunday capital-journal</subfield></datafield><datafield ind1="3" ind2=" " tag="246"><subfield code="a">Topeka Saturday capital-journal</subfield></datafield><datafield ind1=" " ind2="1" tag="264"><subfield code="a">Topeka, Kansas :</subfield><subfield code="b">Frank P. Mac Lennan</subfield></datafield><datafield ind1=" " ind2=" " tag="300"><subfield code="a">1 online resource</subfield></datafield><datafield ind1=" " ind2=" " tag="310"><subfield code="a">Daily,</subfield><subfield code="b">Dec. 5, 1935-1980</subfield></datafield><datafield ind1=" " ind2=" " tag="321"><subfield code="a">Daily (except Sun.),</subfield><subfield code="b">Sept. 10, 1892-Dec. 4, 1935</subfield></datafield><datafield ind1=" " ind2=" " tag="336"><subfield code="a">text</subfield><subfield code="b">txt</subfield><subfield code="2">rdacontent</subfield></datafield><datafield ind1=" " ind2=" " tag="337"><subfield code="a">computer</subfield><subfield code="b">c</subfield><subfield code="2">rdamedia</subfield></datafield><datafield ind1=" " ind2=" " tag="338"><subfield code="a">online resource</subfield><subfield code="b">cr</subfield><subfield code="2">rdacarrier</subfield></datafield><datafield ind1="1" ind2=" " tag="362"><subfield code="a">Began September 10, 1892); ceased August 21, 1980.</subfield></datafield><datafield ind1=" " ind2=" " tag="500"><subfield code="a">Published on Sunday with: Topeka daily capital, as: Topeka Sunday capital-journal, Sept. 7, 1958-Sept. 1, 1980; published on Saturday with: Topeka daily capital, as: Topeka Saturday capital-journal, May 7, 1977-Sept. 1, 1980.</subfield></datafield><datafield ind1=" " ind2=" " tag="500"><subfield code="a">Fiftieth anniversary edition published, Oct. 30, 1935.</subfield></datafield><datafield ind1=" " ind2=" " tag="530"><subfield code="a">Also on microfilm: Micro Photo Division, Bell &amp; Howell Co.</subfield></datafield><datafield ind1=" " ind2=" " tag="580"><subfield code="a">Weekly edition: Topeka State journal (Topeka, Kan. : Weekly), Sept. 15, 1892-&lt;Oct. 5, 1905&gt;.</subfield></datafield><datafield ind1=" " ind2=" " tag="580"><subfield code="a">Merged with: The Topeka daily capital, to form: Topeka capital-journal (Topeka, Kan. : Morning ed.), and: Topeka capital-journal (Topeka, Kan. : Evening ed.).</subfield></datafield><datafield ind1=" " ind2=" " tag="588"><subfield code="a">Description based on: March 30, 1909; title from masthead (Chroniclingamerica.loc.gov, viewed March 4, 2015).</subfield></datafield><datafield ind1=" " ind2=" " tag="588"><subfield code="a">Latest issue consulted: December 30, 1922 (Chroniclingamerica.loc.gov, viewed March 4, 2015).</subfield></datafield><datafield ind1=" " ind2="0" tag="651"><subfield code="a">Topeka (Kan.)</subfield><subfield code="v">Newspapers.</subfield></datafield><datafield ind1=" " ind2="0" tag="651"><subfield code="a">Shawnee County (Kan.)</subfield><subfield code="v">Newspapers.</subfield></datafield><datafield ind1=" " ind2="7" tag="651"><subfield code="a">Kansas</subfield><subfield code="z">Shawnee County.</subfield><subfield code="2">fast</subfield><subfield code="0">(OCoLC)fst01218523</subfield></datafield><datafield ind1=" " ind2="7" tag="651"><subfield code="a">Kansas</subfield><subfield code="z">Topeka.</subfield><subfield code="2">fast</subfield><subfield code="0">(OCoLC)fst01207212</subfield></datafield><datafield ind1=" " ind2="7" tag="655"><subfield code="a">Newspapers.</subfield><subfield code="2">fast</subfield><subfield code="0">(OCoLC)fst01423814</subfield></datafield><datafield ind1=" " ind2=" " tag="752"><subfield code="a">United States</subfield><subfield code="b">Kansas</subfield><subfield code="c">Shawnee</subfield><subfield code="d">Topeka.</subfield></datafield><datafield ind1="1" ind2=" " tag="775"><subfield code="t">Topeka State journal ( Weekly)</subfield></datafield><datafield ind1="0" ind2="8" tag="776"><subfield code="i">Originally issued in print:</subfield><subfield code="t">Topeka State journal</subfield><subfield code="x">2377-7117</subfield><subfield code="w">(DLC)sn 82016014</subfield><subfield code="w">(OCoLC)9124974</subfield></datafield><datafield ind1="0" ind2="0" tag="780"><subfield code="t">State journal (Topeka, Kan. : Daily)</subfield></datafield><datafield ind1="1" ind2="7" tag="785"><subfield code="t">Topeka daily capital</subfield></datafield><datafield ind1="1" ind2="7" tag="785"><subfield code="t">Topeka capital-journal (Topeka, Kan. : Morning ed.)</subfield></datafield><datafield ind1="1" ind2="7" tag="785"><subfield code="t">Topeka capital-journal (Topeka, Kan. : Evening ed.)</subfield></datafield><datafield ind1="4" ind2="0" tag="856"><subfield code="u">http://www.loc.gov/chroniclingamerica/lccn/sn82016014/issues</subfield></datafield></record>